@misc{gnuradioweb,
  url = {https://www.gnuradio.org/},
  urldate = {2017-08-10}
}

@misc{fsffreeweb,
  url = {https://www.gnu.org/philosophy/free-sw.en.html},
  urldate = {2017-08-10}
}

@misc{grblockscodingguide,
  url = {https://wiki.gnuradio.org/index.php/BlocksCodingGuide},
  urldate = {2017-08-16}
}

@book{kammeyer2012,
  author = {Karl-Dirk Kammeyer, Kristian Kroschel},
  isbn = {978-3-8348-1644-3},
  publisher = {Springer Vieweg},
  title = {Digitale Signalverarbeitung},
  year = {2012},
}
